
@INPROCEEDINGS{agrawal03,
    author = {Sanjay Agrawal and Surajit Chaudhuri and Abhinandan Das and Vivek Narasayya},
    title = {Automating Layout of Relational Databases},
    booktitle = {In Proceedings of 19th International Conference on Data Engineering},
    year = {2003},
    pages = {607--618}
}

@misc{oltpbench14,
  author	= {D. E. Difallah and A. Pavlo and C. Curino and P. Cudre-Mauroux},
  title		= {  {OLTP-Bench}: An extensible testbed for benchmarking relational databases.},
  booktitle = {VLDB},
  year		= {2014},
  howpublished  = {\url{http://oltpbenchmark.com}}
}

@article{scikit-learn,
 title={Scikit-learn: Machine Learning in {P}ython},
 author={Pedregosa, F. and Varoquaux, G. and Gramfort, A. and Michel, V.
         and Thirion, B. and Grisel, O. and Blondel, M. and Prettenhofer, P.
         and Weiss, R. and Dubourg, V. and Vanderplas, J. and Passos, A. and
         Cournapeau, D. and Brucher, M. and Perrot, M. and Duchesnay, E.},
 journal={Journal of Machine Learning Research},
 volume={12},
 pages={2825--2830},
 year={2011}
}

@MISC{postgres91,
    author = {Michael Stonebraker and Greg Kemnitz},
    title = {The Postgres Next-Generation Database Management System},
    year = {1991}
}

@ARTICLE{ycsb,
    author = {Brian F. Cooper and Adam Silberstein and Erwin Tam and Raghu Ramakrishnan and Russell Sears},
    title = {Benchmarking cloud serving systems with {YCSB}},
    journal = {SoCC},
    year = {2010}
}

@MISC{hass12,
    author = {Robert Hass},
    title = {Tuning shared\_buffers and wal\_buffers},
	howpublished = "\url{http://rhaas.blogspot.com/2012/03/tuning-sharedbuffers-and-walbuffers.html}",
    year = {2012}
}

@MISC{postgres14,
    author = {PG developers},
    title = {Postgres Statistics Collector},
	howpublished = "\url{http://www.postgresql.org/docs/9.1/static/monitoring-stats.html}",
    year = {2014}
}

@inproceedings{v-measure,
  author    = {Andrew Rosenberg and
               Julia Hirschberg},
  title     = {V-Measure: {A} Conditional Entropy-Based External Cluster Evaluation
               Measure},
  booktitle = {EMNLP-CoNLL 2007, Proceedings of the 2007 Joint Conference on Empirical
               Methods in Natural Language Processing and Computational Natural Language
               Learning, June 28-30, 2007, Prague, Czech Republic},
  pages     = {410--420},
  year      = {2007},
}

@BOOK{cart84,
  author        = {L. Breiman and J. Friedman and R. Olshen and C. Stone},
  title         = {{Classification and Regression Trees}},
  publisher     = {Wadsworth and Brooks},
  address       = {Monterey, CA},
  year          = {1984},
}

@book{quinlan93,
 author = {Quinlan, J. Ross},
 title = {C4.5: Programs for Machine Learning},
 year = {1993},
 isbn = {1-55860-238-0},
 publisher = {Morgan Kaufmann Publishers Inc.},
 address = {San Francisco, CA, USA},
}

@book{stats01,
  address = {New York, NY, USA},
  author = {Hastie, Trevor and Tibshirani, Robert and Friedman, Jerome},
  publisher = {Springer New York Inc.},
  timestamp = {2008-05-16T16:17:42.000+0200},
  title = {The Elements of Statistical Learning},
  year = 2001
}
