
@INPROCEEDINGS{agrawal03,
    author = {Sanjay Agrawal and Surajit Chaudhuri and Abhinandan Das and Vivek Narasayya},
    title = {Automating Layout of Relational Databases},
    booktitle = {In Proceedings of 19th International Conference on Data Engineering},
    year = {2003},
    pages = {607--618}
}
  
@misc{oltpbench14,
  author	= {D. E. Difallah, A. Pavlo, C. Curino, and P. Cudre-Mauroux},
  title		= {  OLTP-Bench: An extensible testbed for benchmarking relational databases.},
  booktitle = {VLDB},  
  year		= {2014},
  howpublished  = {\url{http://oltpbenchmark.com}}
}
